<record><leader>00000cas a22000007a 4500</leader><controlfield tag="001">14162414</controlfield><controlfield tag="008">860829d19661967nvuwr ne      0    0eng d</controlfield><datafield ind1=" " ind2=" " tag="010"><subfield code="a">sn 86076361 </subfield></datafield><datafield ind1=" " ind2=" " tag="040"><subfield code="a">NNX</subfield><subfield code="b">eng</subfield><subfield code="c">NNX</subfield><subfield code="d">OCL</subfield><subfield code="d">OCLCQ</subfield></datafield><datafield ind1=" " ind2=" " tag="042"><subfield code="a">msc</subfield></datafield><datafield ind1="0" ind2=" " tag="130"><subfield code="a">Humboldt county bulletin (1966)</subfield></datafield><datafield ind1="1" ind2="0" tag="245"><subfield code="a">Humboldt county bulletin.</subfield></datafield><datafield ind1=" " ind2=" " tag="260"><subfield code="a">Winnemucca, Nev. :</subfield><subfield code="b">Humboldt Bulletin Co.,</subfield><subfield code="c">1966-1967.</subfield></datafield><datafield ind1=" " ind2=" " tag="300"><subfield code="a">v. :</subfield><subfield code="b">ill.</subfield></datafield><datafield ind1=" " ind2=" " tag="310"><subfield code="a">Weekly</subfield></datafield><datafield ind1="0" ind2=" " tag="362"><subfield code="a">Vol. 6, no. 52 (Dec. 7, 1966)-v. 97, no. 39 (Dec. 27, 1967).</subfield></datafield><datafield ind1=" " ind2=" " tag="515"><subfield code="a">Assumes numbering of Winnemucca Humboldt star and the Battle Mountain scout, Oct. 11, 1967.</subfield></datafield><datafield ind1=" " ind2=" " tag="752"><subfield code="a">United States</subfield><subfield code="b">Nevada</subfield><subfield code="c">Humboldt</subfield><subfield code="d">Winnemucca.</subfield></datafield><datafield ind1="0" ind2="0" tag="780"><subfield code="t">Nevada daily bulletin</subfield><subfield code="w">(DLC)sn 86076360</subfield><subfield code="w">(OCoLC)14162302</subfield></datafield><datafield ind1="0" ind2="5" tag="780"><subfield code="t">Winnemucca Humboldt star and Battle Mountain scout</subfield><subfield code="w">(DLC)sn 86076246</subfield><subfield code="w">(OCoLC)13788616</subfield></datafield><datafield ind1="0" ind2="0" tag="785"><subfield code="t">Humboldt county bulletin and Battle Mountain news</subfield><subfield code="w">(DLC)sn 86076362</subfield></datafield></record>